<record><leader>00000cas a22000007a 4500</leader><controlfield tag="001">41050259</controlfield><controlfield tag="008">990327d19981998inuwr ne      0    0eng d</controlfield><datafield ind1=" " ind2=" " tag="010"><subfield code="a">sn 98063111 </subfield></datafield><datafield ind1=" " ind2=" " tag="040"><subfield code="a">NPI</subfield><subfield code="b">eng</subfield><subfield code="c">NPI</subfield><subfield code="d">OCLCF</subfield><subfield code="d">OCLCO</subfield></datafield><datafield ind1=" " ind2=" " tag="042"><subfield code="a">msc</subfield></datafield><datafield ind1="0" ind2=" " tag="130"><subfield code="a">Mooresville times (Mooresville, Ind. : 1998)</subfield></datafield><datafield ind1="0" ind2="4" tag="245"><subfield code="a">The Mooresville times.</subfield></datafield><datafield ind1="1" ind2="3" tag="246"><subfield code="a">Times</subfield></datafield><datafield ind1=" " ind2=" " tag="260"><subfield code="a">Mooresville, IN :</subfield><subfield code="b">Reporter-Times, Inc.,</subfield><subfield code="c">1998.</subfield></datafield><datafield ind1=" " ind2=" " tag="300"><subfield code="a">1 v. :</subfield><subfield code="b">ill. ;</subfield><subfield code="c">58 cm.</subfield></datafield><datafield ind1=" " ind2=" " tag="310"><subfield code="a">Weekly</subfield></datafield><datafield ind1="0" ind2=" " tag="362"><subfield code="a">Vol. 106, no. 45 (Oct. 14, 1998).</subfield></datafield><datafield ind1=" " ind2="0" tag="651"><subfield code="a">Mooresville (Ind.)</subfield><subfield code="v">Newspapers.</subfield></datafield><datafield ind1=" " ind2="7" tag="655"><subfield code="a">Newspapers.</subfield><subfield code="2">fast</subfield><subfield code="0">(OCoLC)fst01423814</subfield></datafield><datafield ind1=" " ind2="7" tag="651"><subfield code="a">Indiana</subfield><subfield code="z">Mooresville.</subfield><subfield code="2">fast</subfield><subfield code="0">(OCoLC)fst01215077</subfield></datafield><datafield ind1=" " ind2=" " tag="752"><subfield code="a">United States</subfield><subfield code="b">Indiana</subfield><subfield code="c">Morgan</subfield><subfield code="d">Mooresville.</subfield></datafield><datafield ind1="0" ind2="0" tag="780"><subfield code="t">Times (Mooresville, Ind.)</subfield><subfield code="w">(DLC)sn 84045455</subfield></datafield><datafield ind1="0" ind2="0" tag="785"><subfield code="t">Mooresville/Monrovia times</subfield><subfield code="w">(DLC)sn 98063112</subfield></datafield></record>